% This file was created with JabRef 2.5.
% Encoding: UTF-8
@article{silver2016mastering,
  title={Mastering the game of Go with deep neural networks and tree search},
  author={Silver, David and Huang, Aja and Maddison, Chris J and Guez, Arthur and Sifre, Laurent and Van Den Driessche, George and Schrittwieser, Julian and Antonoglou, Ioannis and Panneershelvam, Veda and Lanctot, Marc and others},
  journal={nature},
  volume={529},
  number={7587},
  pages={484--489},
  year={2016},
  publisher={Nature Publishing Group}
}

@article{silver2017mastering,
  title={Mastering the game of go without human knowledge},
  author={Silver, David and Schrittwieser, Julian and Simonyan, Karen and Antonoglou, Ioannis and Huang, Aja and Guez, Arthur and Hubert, Thomas and Baker, Lucas and Lai, Matthew and Bolton, Adrian and others},
  journal={nature},
  volume={550},
  number={7676},
  pages={354--359},
  year={2017},
  publisher={Nature Publishing Group}
}

@article{jumper2021highly,
  title={Highly accurate protein structure prediction with AlphaFold},
  author={Jumper, John and Evans, Richard and Pritzel, Alexander and Green, Tim and Figurnov, Michael and Ronneberger, Olaf and Tunyasuvunakool, Kathryn and Bates, Russ and {\v{Z}}{\'\i}dek, Augustin and Potapenko, Anna and others},
  journal={Nature},
  volume={596},
  number={7873},
  pages={583--589},
  year={2021},
  publisher={Nature Publishing Group}
}

@article{vinyals2019grandmaster,
  title={Grandmaster level in StarCraft II using multi-agent reinforcement learning},
  author={Vinyals, Oriol and Babuschkin, Igor and Czarnecki, Wojciech M and Mathieu, Micha{\"e}l and Dudzik, Andrew and Chung, Junyoung and Choi, David H and Powell, Richard and Ewalds, Timo and Georgiev, Petko and others},
  journal={Nature},
  volume={575},
  number={7782},
  pages={350--354},
  year={2019},
  publisher={Nature Publishing Group}
}

@article{berner2019dota,
  title={Dota 2 with large scale deep reinforcement learning},
  author={Berner, Christopher and Brockman, Greg and Chan, Brooke and Cheung, Vicki and D{\k{e}}biak, Przemys{\l}aw and Dennison, Christy and Farhi, David and Fischer, Quirin and Hashme, Shariq and Hesse, Chris and others},
  journal={arXiv preprint arXiv:1912.06680},
  year={2019}
}

@article{goyal2017accurate,
  title={Accurate, large minibatch sgd: Training imagenet in 1 hour},
  author={Goyal, Priya and Doll{\'a}r, Piotr and Girshick, Ross and Noordhuis, Pieter and Wesolowski, Lukasz and Kyrola, Aapo and Tulloch, Andrew and Jia, Yangqing and He, Kaiming},
  journal={arXiv preprint arXiv:1706.02677},
  year={2017}
}

@article{you2017scaling,
  title={Scaling sgd batch size to 32k for imagenet training},
  author={You, Yang and Gitman, Igor and Ginsburg, Boris},
  journal={arXiv preprint arXiv:1708.03888},
  volume={6},
  pages={12},
  year={2017}
}

@article{nair2015massively,
  title={Massively parallel methods for deep reinforcement learning},
  author={Nair, Arun and Srinivasan, Praveen and Blackwell, Sam and Alcicek, Cagdas and Fearon, Rory and De Maria, Alessandro and Panneershelvam, Vedavyas and Suleyman, Mustafa and Beattie, Charles and Petersen, Stig and others},
  journal={arXiv preprint arXiv:1507.04296},
  year={2015}
}

@article{dean2012large,
  title={Large scale distributed deep networks},
  author={Dean, Jeffrey and Corrado, Greg and Monga, Rajat and Chen, Kai and Devin, Matthieu and Mao, Mark and Ranzato, Marc'aurelio and Senior, Andrew and Tucker, Paul and Yang, Ke and others},
  journal={Advances in neural information processing systems},
  volume={25},
  pages={1223--1231},
  year={2012}
}

@inproceedings{mnih2016asynchronous,
  title={Asynchronous methods for deep reinforcement learning},
  author={Mnih, Volodymyr and Badia, Adria Puigdomenech and Mirza, Mehdi and Graves, Alex and Lillicrap, Timothy and Harley, Tim and Silver, David and Kavukcuoglu, Koray},
  booktitle={International conference on machine learning},
  pages={1928--1937},
  year={2016},
  organization={PMLR}
}

@article{schaul2015prioritized,
  title={Prioritized experience replay},
  author={Schaul, Tom and Quan, John and Antonoglou, Ioannis and Silver, David},
  journal={arXiv preprint arXiv:1511.05952},
  year={2015}
}

@article{horgan2018distributed,
  title={Distributed prioritized experience replay},
  author={Horgan, Dan and Quan, John and Budden, David and Barth-Maron, Gabriel and Hessel, Matteo and Van Hasselt, Hado and Silver, David},
  journal={arXiv preprint arXiv:1803.00933},
  year={2018}
}

@article{hasselt2010double,
  title={Double Q-learning},
  author={Hasselt, Hado},
  journal={Advances in neural information processing systems},
  volume={23},
  pages={2613--2621},
  year={2010}
}

@inproceedings{van2016deep,
  title={Deep reinforcement learning with double q-learning},
  author={Van Hasselt, Hado and Guez, Arthur and Silver, David},
  booktitle={Proceedings of the AAAI conference on artificial intelligence},
  volume={30},
  number={1},
  year={2016}
}

@inproceedings{wang2016dueling,
  title={Dueling network architectures for deep reinforcement learning},
  author={Wang, Ziyu and Schaul, Tom and Hessel, Matteo and Hasselt, Hado and Lanctot, Marc and Freitas, Nando},
  booktitle={International conference on machine learning},
  pages={1995--2003},
  year={2016},
  organization={PMLR}
}

@article{lillicrap2015continuous,
  title={Continuous control with deep reinforcement learning},
  author={Lillicrap, Timothy P and Hunt, Jonathan J and Pritzel, Alexander and Heess, Nicolas and Erez, Tom and Tassa, Yuval and Silver, David and Wierstra, Daan},
  journal={arXiv preprint arXiv:1509.02971},
  year={2015}
}

@inproceedings{kapturowski2018recurrent,
  title={Recurrent experience replay in distributed reinforcement learning},
  author={Kapturowski, Steven and Ostrovski, Georg and Quan, John and Munos, Remi and Dabney, Will},
  booktitle={International conference on learning representations},
  year={2018}
}

@article{espeholt2019seed,
  title={Seed rl: Scalable and efficient deep-rl with accelerated central inference},
  author={Espeholt, Lasse and Marinier, Rapha{\"e}l and Stanczyk, Piotr and Wang, Ke and Michalski, Marcin},
  journal={arXiv preprint arXiv:1910.06591},
  year={2019}
}

@article{munos2016safe,
  title={Safe and efficient off-policy reinforcement learning},
  author={Munos, R{\'e}mi and Stepleton, Tom and Harutyunyan, Anna and Bellemare, Marc G},
  journal={arXiv preprint arXiv:1606.02647},
  year={2016}
}

@inproceedings{espeholt2018impala,
  title={Impala: Scalable distributed deep-rl with importance weighted actor-learner architectures},
  author={Espeholt, Lasse and Soyer, Hubert and Munos, Remi and Simonyan, Karen and Mnih, Vlad and Ward, Tom and Doron, Yotam and Firoiu, Vlad and Harley, Tim and Dunning, Iain and others},
  booktitle={International Conference on Machine Learning},
  pages={1407--1416},
  year={2018},
  organization={PMLR}
}

@article{heess2017emergence,
  title={Emergence of locomotion behaviours in rich environments},
  author={Heess, Nicolas and TB, Dhruva and Sriram, Srinivasan and Lemmon, Jay and Merel, Josh and Wayne, Greg and Tassa, Yuval and Erez, Tom and Wang, Ziyu and Eslami, SM and others},
  journal={arXiv preprint arXiv:1707.02286},
  year={2017}
}

@article{schulman2017proximal,
  title={Proximal policy optimization algorithms},
  author={Schulman, John and Wolski, Filip and Dhariwal, Prafulla and Radford, Alec and Klimov, Oleg},
  journal={arXiv preprint arXiv:1707.06347},
  year={2017}
}

@inproceedings{NIPS1992_d14220ee,
 author = {Dayan, Peter and Hinton, Geoffrey E},
 booktitle = {Advances in Neural Information Processing Systems},
 editor = {S. Hanson and J. Cowan and C. Giles},
 pages = {},
 publisher = {Morgan-Kaufmann},
 title = {Feudal Reinforcement Learning},
 url = {https://proceedings.neurips.cc/paper/1992/file/d14220ee66aeec73c49038385428ec4c-Paper.pdf},
 volume = {5},
 year = {1993}
}

@article{kulkarni2016hierarchical,
  title={Hierarchical deep reinforcement learning: Integrating temporal abstraction and intrinsic motivation},
  author={Kulkarni, Tejas D and Narasimhan, Karthik and Saeedi, Ardavan and Tenenbaum, Josh},
  journal={Advances in neural information processing systems},
  volume={29},
  pages={3675--3683},
  year={2016}
}

@article{levy2017learning,
  title={Learning multi-level hierarchies with hindsight},
  author={Levy, Andrew and Konidaris, George and Platt, Robert and Saenko, Kate},
  journal={arXiv preprint arXiv:1712.00948},
  year={2017}
}


















@article{ref-1-1-周融,
author    = {周融 and 任志国 and 杨尚雷 and others},
title     = {对新形势下毕业设计管理工作的思考与实践},
journal   = {电气电子教学学报},
date      = {2003},
number    = {6},
pages     = {107-109},
}


@article{ref-2-2-夏鲁惠,
author    = {夏鲁惠},
title     = {高等学校毕业设计(论文)教学情况调研报告},
journal   = {高等理科教育},
date      = {2004},
number    = {1},
pages     = {46-52},
}


@article{ref-3-3-Heider,
author    = {Heider, E R and Oliver, D C },
title     = {The Structure of Color Space in Naming and Memory of Two Languages },
journal   = {Foreign Language Teaching and Research},
date      = {1999},
number    = {3},
pages     = {62-67},
}


@book{ref-4-3-刘国钧,
author    = {刘国钧 and 王连成},
title     = {图书馆史研究},
journal   = {电气电子教学学报},
address   = {北京},
publisher = {高等教育出版社},
date      = {1979},
pages     = {15-18,31},
}


@book{ref-5-5-Gill,
author    = {Gill, R},
title     = {Mastering English Literature},
address   = {London},
publisher = {Macmillan},
date      = {1985},
pages     = {42-45},
}


@newspaper{ref-6-6-李大伦,
author    = {李大伦},
title     = {经济全球化的重要性},
journal   = {光明日报},
date      = {1998-12-27},
number    = {3},
note       = {news},
}


@newspaper{ref-7-7-French,
author    = {French, W},
title     = {Between Silences:A Voice from China},
journal   = {Atlantic Weekly},
date      = {1987-08-15},
number    = {33},
note       = {news},
}


@proceedings{ref-8-8-伍蠡甫,
author    = {伍蠡甫},
title     = {西方文论选},
address   = {上海},
publisher = {上海译文出版社},
date      = {1979},
pages     = {12-17},
}


@inproceedings{ref-9-9-Spivak,
author    = {Spivak, G},
title     = {Can the Subaltern Speak? },
editor= {Nelson, C and Grossberg, L},
editortype={editor},
booktitle = {Victory in Limbo: Imigism },
address   = {Urbana},
publisher = {University of Illinois Press},
date      = {1988},
pages     = {271-313},
}


@inproceedings{ref-10-10-Almarza,
author    = {Almarza, G G},
title     = {Student Foreign Language Teacher’s Knowledge Growth},
editor= {Freeman, D and Richards, J C},
editortype={editor},
booktitle = {Teacher Learning in Language Teaching},
address   = {New York},
publisher = {Walley},
date      = {1998},
pages     = {200-205},
}






@ARTICLE{ELIDRISSI94,
  author = {{Chafik El Idrissi}, M. and {Roney}, A. and {Frigon}, C. and {Larzilli{\`e}re},M.},
  title = {Measurements of total kinetic-energy released to the {$N=2$} dissociation
	limit of {H}$_2$ --- evidence of the dissociation of very high vibrational
	{R}ydberg states of {H}$_2$ by doubly-excited states},
  journal = {Chemical Physics Letters},
  year = {1994},
  volume = {224},
  pages = {260-266},
  number = {10}
}

@BOOK{companion,
  title = {The {\LaTeX} Companion},
  publisher = {Addison-Wesley Publishing Company},
  year = {1994},
  author = {Michel Goosens and Frank Mittelbach and Alexander Samarin},
  pages = {112--125},
  address = {Reading, MA}
}

@BOOK{IEEE-1363,
  title = {{IEEE} Standard Specifications for Public-Key Cryptography},
  publisher = {IEEE},
  year = {2000},
  author = {{IEEE Std 1363-2000}},
  address = {New York}
}

@MASTERSTHESIS{metamori2004,
  author = {Ashwin Raju Jeyakumar},
  title = {Metamori: A library for Incremental File Checkpointing},
  school = {Virgina Tech},
  year = {2004},
  address = {Blacksburg},
  month = {jun 21}
}

@INPROCEEDINGS{DPMG,
  author = {Kim, Sangbum and Woo, Namyoon and Yeom, Heon Y. and Park, Taesoon
	and Park, Hyoungwoo},
  title = {Design and {I}mplementation of {D}ynamic {P}rocess {M}anagement for
	{G}rid-enabled {MPICH}},
  booktitle = {the 10th European PVM/MPI Users' Group Conference},
  year = {2003},
  address = {Venice, Italy},
  month = {sep}
}

@BOOK{tex,
  title = {The {\TeX} Book},
  publisher = {Addison-Wesley Publishing Company},
  year = {1989},
  author = {Donald E. Knuth},
  address = {Reading, MA},
  edition = {15th}
}

@INPROCEEDINGS{kocher99,
  author = {C. Kocher and J. Jaffe and B. Jun},
  title = {Differential Power Analysis},
  booktitle = {Advances in Cryptology ({CRYPTO}~'99)},
  year = {1999},
  editor = {M. Wiener},
  volume = {1666},
  series = {Lecture Notes in Computer Science},
  pages = {388-397},
  month = {August},
  publisher = {Springer-Verlag}
}

@INCOLLECTION{Krasnogor2004e,
  author = {N. Krasnogor},
  title = {Towards robust memetic algorithms},
  booktitle = {Recent Advances in Memetic Algorithms},
  publisher = {Springer Berlin Heidelberg},
  year = {2004},
  editor = {W.E. Hart and N. Krasnogor and J.E. Smith},
  volume = {166},
  series = {Studies in Fuzziness and Soft Computing},
  pages = {185-207},
  address = {New York}
}

@ARTICLE{MELLINGER96,
  author = {Mellinger, A. and Vidal, C. R. and Jungen, Ch.},
  title = {Laser reduced fluorescence study of the carbon-monoxide nd triplet
	{R}ydberg series-experimental results and multichannel quantum-defect
	analysis},
  journal = {J. Chem. Phys.},
  year = {1996},
  volume = {104},
  pages = {8913-8921},
  number = {5}
}

@ARTICLE{SHELL02,
  author = {Michael Shell},
  title = {How to Use the {IEEEtran {\LaTeX}} Class},
  journal = {Journal of {\LaTeX} Class Files},
  year = {2002},
  volume = {12},
  pages = {100--120},
  number = {4}
}

@TECHREPORT{NPB2,
  author = {Alex Woo and David Bailey and Maurice Yarrow and Wijngaart Wijngaart
	and Tim Harris and William Saphir},
  title = {The {NAS} Parallel Benchmarks 2.0},
  institution = {The Pennsylvania State University CiteSeer Archives},
  year = {1995},
  month = {dec 05},
  url = {http://www.nasa.org/}
}

@PHDTHESIS{FistSystem01,
  author = {Erez Zadok},
  title = {{FiST}: A System for Stackable File System Code Generation},
  school = {Computer Science Department, Columbia University},
  year = {2001},
  address = {USA},
  month = {May}
}

@PHDTHESIS{shaheshang,
  author = {沙和尚},
  title = {论流沙河的综合治理},
  school = {清华大学},
  year = {2005},
  address = {北京},
  language = {zh}
}

@MASTERSTHESIS{zhubajie,
  author = {猪八戒},
  title = {论流体食物的持久保存这是一个很长很长的题目用来测试BiBTeX会不会出现乱码貌似北邮的BST工作的很好},
  school = {广寒宫大学},
  year = {2005},
  address = {北京},
  language = {zh}
}

@INPROCEEDINGS{cnproceed,
  author = {王重阳 and 黄药师 and 欧阳峰 and 洪七公 and 段皇帝},
  title = {武林高手从入门到精通},
  booktitle = {第~$N$~次华山论剑},
  year = {2006},
  address = {西安, 中国},
  month = {sep},
  language = {zh}
}

@INCOLLECTION{zjsw,
  author = {班固},
  title = {苏武传},
  booktitle = {传记散文英华},
  publisher = {湖北人民出版社},
  year = {1998},
  editor = {郑在瀛 and 汪超宏 and 周文复},
  volume = {2},
  series = {新古文观止丛书},
  pages = {65-69},
  address = {武汉},
  language = {zh}
}

@ARTICLE{cnarticle,
  author = {贾宝玉 and 林黛玉 and 薛宝钗 and 贾探春},
  title = {论刘姥姥食量大如牛之现实意义},
  journal = {红楼梦杂谈},
  year = {1800},
  volume = {224},
  pages = {260--266},
  language = {zh}
}

@INBOOK{clzs,
  title = {大人物还是讲人情的},
  pages = {185-207},
  booktitle = {沧浪之水},
  publisher = {人民文学出版社},
  year = {2001},
  bookauthor = {阎真},
  language = {zh}
}

@comment{jabref-meta: selector_publisher:}

@comment{jabref-meta: selector_author:}

@comment{jabref-meta: selector_journal:}

@comment{jabref-meta: selector_keywords:}

